<collection xmlns="http://www.loc.gov/MARC21/slim">
<record>
  <leader>01581nam0a22002651i 450 </leader>
  <controlfield tag="001">IT\ICCU\CNCE\027331</controlfield>
  <controlfield tag="005">20060925000000.0</controlfield>
  <datafield tag="012" ind1=" " ind2=" ">
    <subfield code="a">r.t. ine. iuta adde (3) 1551 (A)</subfield>
    <subfield code="2">fei</subfield>
  </datafield>
  <datafield tag="100" ind1=" " ind2=" ">
    <subfield code="a">19971028d1551        0itac0103    ba</subfield>
  </datafield>
  <datafield tag="101" ind1=" " ind2=" ">
    <subfield code="a">LAT</subfield>
  </datafield>
  <datafield tag="102" ind1=" " ind2=" ">
    <subfield code="a">IT</subfield>
  </datafield>
  <datafield tag="200" ind1="1" ind2=" ">
    <subfield code="a">℗Ioan. Fran.  ̉Ripa ℗In utranque Dige. noui, veteris secundam, et Codicis primam partem Commentaria  ̉Io. Nicolao Arelatano Iur. utriusque Doc. eius discipulo, ex innumeris quibus scatebat mendis, dim purgata, nunc vero maiore cura pristino candori penitusrestituita, nec nouis argumentis locupletissimis illustrata, ac praeter copiosissimum indicem elementari ordine confectum, accedunt multa, quae in caeteris voluminibis non reperies, non sine maxima studioso ius utilitate</subfield>
  </datafield>
  <datafield tag="210" ind1=" " ind2=" ">
    <subfield code="a">Venetiis</subfield>
    <subfield code="c">\al segno della Corona!</subfield>
    <subfield code="d">1551</subfield>
  </datafield>
  <datafield tag="215" ind1=" " ind2=" ">
    <subfield code="a">162 c.</subfield>
    <subfield code="d">fol</subfield>
  </datafield>
  <datafield tag="620" ind1=" " ind2=" ">
    <subfield code="a">IT</subfield>
    <subfield code="d">Venezia</subfield>
  </datafield>
  <datafield tag="700" ind1=" " ind2="1">
    <subfield code="a">Ripa,</subfield>
    <subfield code="b">Giovanni Francesco : da</subfield>
    <subfield code="3">IT\ICCU\CNCA\012905</subfield>
  </datafield>
  <datafield tag="702" ind1=" " ind2="1">
    <subfield code="a">Nicolas,</subfield>
    <subfield code="b">Jean</subfield>
    <subfield code="3">IT\ICCU\CNCA\024697</subfield>
  </datafield>
  <datafield tag="712" ind1="0" ind2="2">
    <subfield code="a">℗al segno della ℗Corona</subfield>
    <subfield code="3">IT\ICCU\CNCT\001579</subfield>
    <subfield code="4">650</subfield>
  </datafield>
  <datafield tag="790" ind1=" " ind2="1">
    <subfield code="a">Riva di San Nazzaro,</subfield>
    <subfield code="b">Gianni Francesco</subfield>
    <subfield code="3">IT\ICCU\CNCA\009677</subfield>
    <subfield code="z">Ripa, Giovanni Francesco : da</subfield>
  </datafield>
  <datafield tag="790" ind1=" " ind2="1">
    <subfield code="a">Sannazari della Ripa,</subfield>
    <subfield code="b">Gianfrancesco</subfield>
    <subfield code="3">IT\ICCU\CNCA\023444</subfield>
    <subfield code="z">Ripa, Giovanni Francesco : da</subfield>
  </datafield>
  <datafield tag="790" ind1=" " ind2="1">
    <subfield code="a">Gimonteus,</subfield>
    <subfield code="b">Johannes Nicolaus</subfield>
    <subfield code="3">IT\ICCU\CNCA\024706</subfield>
    <subfield code="z">Nicolas, Jean</subfield>
  </datafield>
  <datafield tag="791" ind1="0" ind2="2">
    <subfield code="a">Societ ̉della Corona</subfield>
    <subfield code="3">IT\ICCU\CNCT\003156</subfield>
    <subfield code="z">℗al segno della ℗Corona</subfield>
  </datafield>
  <datafield tag="801" ind1=" " ind2="3">
    <subfield code="a">IT</subfield>
    <subfield code="b">ICCU</subfield>
    <subfield code="c">20201114</subfield>
  </datafield>
  <datafield tag="899" ind1=" " ind2=" ">
    <subfield code="a">Biblioteca Rosminiana. Rovereto</subfield>
    <subfield code="1">TN0105</subfield>
    <subfield code="2">ZTN 12</subfield>
  </datafield>
  <datafield tag="899" ind1=" " ind2=" ">
    <subfield code="a">Biblioteca nazionale universitaria. Torino</subfield>
    <subfield code="1">TO0265</subfield>
    <subfield code="2">TO0 02</subfield>
  </datafield>
</record>
</collection>
